
@techreport{RFC0768,
  author = {J. Postel},
  title = {User Datagram Protocol},
  howpublished = {Internet Requests for Comments},
  type = {STD},
  number = {6},
  year = {1980},
  month = {August},
  issn = {2070-1721},
  publisher = {RFC Editor},
  institution = {RFC Editor},
  url = {http://www.rfc-editor.org/rfc/rfc768.txt},
  note = {\url{http://www.rfc-editor.org/rfc/rfc768.txt}},
}